@article{song2004improving,
  title={Improving online learning: Student perceptions of useful and challenging characteristics},
  author={Song, Liyan and Singleton, Ernise S and Hill, Janette R and Koh, Myung Hwa},
  journal={The internet and higher education},
  volume={7},
  number={1},
  pages={59--70},
  year={2004},
  publisher={Elsevier}
}
@article{khan2011let,
  title={Letâ€™s use video to reinvent education TED talk},
  author={Khan, Salman},
  journal={TED< https://www. ted. com/talks/salman\_khan\_let\_s\_use\_video\_to\_reinvent\_ education>(Zugriff Januar 3, 2018)},
  year={2011}
}
@inproceedings{buglione2013improving,
  title={Improving the user story agile technique using the invest criteria},
  author={Buglione, Luigi and Abran, Alain},
  booktitle={2013 Joint Conference of the 23rd International Workshop on Software Measurement and the 8th International Conference on Software Process and Product Measurement},
  pages={49--53},
  year={2013},
  organization={IEEE}
}

@inproceedings{ramos2003using,
  title={Using tf-idf to determine word relevance in document queries},
  author={Ramos, Juan and others},
  booktitle={Proceedings of the first instructional conference on machine learning},
  volume={242},
  number={1},
  pages={29--48},
  year={2003},
  organization={Citeseer}
}
@article{qaiser2018text,
  title={Text mining: use of TF-IDF to examine the relevance of words to documents},
  author={Qaiser, Shahzad and Ali, Ramsha},
  journal={International Journal of Computer Applications},
  volume={181},
  number={1},
  pages={25--29},
  year={2018}
}
@article{trstenjak2014knn,
  title={KNN with TF-IDF based framework for text categorization},
  author={Trstenjak, Bruno and Mikac, Sasa and Donko, Dzenana},
  journal={Procedia Engineering},
  volume={69},
  pages={1356--1364},
  year={2014},
  publisher={Elsevier}
}
@INPROCEEDINGS{9194665,
  author={Qurashi, Abdul Wahab and Holmes, Violeta and Johnson, Anju P.},
  booktitle={2020 International Conference on INnovations in Intelligent SysTems and Applications (INISTA)}, 
  title={Document Processing: Methods for Semantic Text Similarity Analysis}, 
  year={2020},
  volume={},
  number={},
  pages={1-6},
  doi={10.1109/INISTA49547.2020.9194665}}
@inproceedings{chum2008near,
  title={Near duplicate image detection: Min-hash and TF-IDF weighting.},
  author={Chum, Ondrej and Philbin, James and Zisserman, Andrew and others},
  booktitle={Bmvc},
  volume={810},
  pages={812--815},
  year={2008}
} %imagecheckplagiat
@inproceedings{van2010automatic,
  title={Automatic Mood Classification Using TF* IDF Based on Lyrics.},
  author={Van Zaanen, Menno and Kanters, Pieter},
  booktitle={ISMIR},
  pages={75--80},
  year={2010}
}
@inproceedings{gunawan2018implementation,
  title={The implementation of cosine similarity to calculate text relevance between two documents},
  author={Gunawan, Dani and Sembiring, CA and Budiman, Mohammad Andri},
  booktitle={Journal of physics: conference series},
  volume={978},
  number={1},
  pages={012120},
  year={2018},
  organization={IOP Publishing}
}
@article{singh2009kaizen,
  title={Kaizen philosophy: a review of literature},
  author={Singh, Jagdeep and Singh, Harwinder},
  journal={IUP journal of operations management},
  volume={8},
  number={2},
  pages={51},
  year={2009},
  publisher={IUP Publications}
}
@article{bond2020facilitating,
  title={Facilitating student engagement through the flipped learning approach in K-12: A systematic review},
  author={Bond, Melissa},
  journal={Computers \& Education},
  volume={151},
  pages={103819},
  year={2020},
  publisher={Elsevier}
}
